@Manual{R-tidyverse,
    title = {tidyverse: Easily Install and Load the 'Tidyverse'},
    author = {Hadley Wickham},
    year = {2017},
    note = {R package version 1.2.1},
    url = {https://CRAN.R-project.org/package=tidyverse},
  }

@Manual{R,
    title = {R: A Language and Environment for Statistical Computing},
    author = {{R Core Team}},
    organization = {R Foundation for Statistical Computing},
    address = {Vienna, Austria},
    year = {2019},
    url = {https://www.R-project.org/},
  }

@Article{R-sf,
    author = {Edzer Pebesma},
    title = {{Simple Features for R: Standardized Support for Spatial
          Vector Data}},
    year = {2018},
    journal = {{The R Journal}},
    url = {https://journal.r-project.org/archive/2018/RJ-2018-009/index.html},
  }

@article{mcaneney2009100,
  title={100-years of Australian bushfire property losses: is the risk significant and is it increasing?},
  author={McAneney, John and Chen, Keping and Pitman, Andy},
  journal={Journal of environmental management},
  volume={90},
  number={8},
  pages={2819--2822},
  year={2009},
  publisher={Elsevier}
  }

@book{LisaRichardsNigelBrew2020,
  author={{Lisa Richards, Nigel Brew} and Lizzie Smith},
  publisher={Parliament of Australia},
  title={{2019-20 Australian bushfires-frequently asked questions: a quick guide}},
  url={https://www.aph.gov.au/About_Parliament/Parliamentary_Departments/Parliamentary_Library/pubs/rp/rp1920/Quick_Guides/AustralianBushfires},
  year={2020}
  }

@article{beale2011preventing,
  title={Preventing and reducing bushfire arson in Australia: A review of what is known},
  author={Beale, John and Jones, Warwick},
  journal={Fire technology},
  volume={47},
  number={2},
  pages={507--518},
  year={2011},
  publisher={Springer}
}

@article{keane2004classification,
  title={A classification of landscape fire succession models: spatial simulations of fire and vegetation dynamics},
  author={Keane, Robert E and Cary, Geoffrey J and Davies, Ian D and Flannigan, Michael D and Gardner, Robert H and Lavorel, Sandra and Lenihan, James M and Li, Chao and Rupp, T Scott},
  journal={Ecological modelling},
  volume={179},
  number={1},
  pages={3--27},
  year={2004},
  publisher={Elsevier}
}

@article{bradstock2012wildfires,
  title={Wildfires, fuel treatment and risk mitigation in Australian eucalypt forests: insights from landscape-scale simulation},
  author={Bradstock, Ross A and Cary, Geoffrey J and Davies, Ian and Lindenmayer, David B and Price, Owen F and Williams, Richard J},
  journal={Journal of Environmental Management},
  volume={105},
  pages={66--75},
  year={2012},
  publisher={Elsevier}
}

@article{clarke2019developing,
  title={Developing and testing models of the drivers of anthropogenic and lightning-caused wildfire ignitions in south-eastern Australia},
  author={Clarke, Hamish and Gibson, Rebecca and Cirulis, Brett and Bradstock, Ross A and Penman, Trent D},
  journal={Journal of environmental management},
  volume={235},
  pages={34--41},
  year={2019},
  publisher={Elsevier}
}

@article{bates2018exploratory,
  title={Exploratory analysis of lightning-ignited wildfires in the Warren Region, Western Australia},
  author={Bates, Bryson C and McCaw, Lachlan and Dowdy, Andrew J},
  journal={Journal of environmental management},
  volume={225},
  pages={336--345},
  year={2018},
  publisher={Elsevier}
}

@article{read2018lightning,
  title={A lightning-caused wildfire ignition forecasting model for operational use},
  author={Read, Nicholas and Duff, Thomas J and Taylor, Peter G},
  journal={Agricultural and Forest Meteorology},
  volume={253},
  pages={233--246},
  year={2018},
  publisher={Elsevier}
}

@article{zhang2017wildfire,
  title={Wildfire occurrence patterns in ecoregions of New South Wales and Australian Capital Territory, Australia},
  author={Zhang, Yang and Lim, Samsung and Sharples, Jason John},
  journal={Natural Hazards},
  volume={87},
  number={1},
  pages={415--435},
  year={2017},
  publisher={Springer}
}

@article{duff2018dryness,
  title={Dryness thresholds for fire occurrence vary by forest type along an aridity gradient: evidence from Southern Australia},
  author={Duff, Thomas J and Cawson, Jane G and Harris, Sarah},
  journal={Landscape Ecology},
  volume={33},
  number={8},
  pages={1369--1383},
  year={2018},
  publisher={Springer}
}

@article{cheney2012predicting,
  title={Predicting fire behaviour in dry eucalypt forest in southern Australia},
  author={Cheney, N Phillip and Gould, James S and McCaw, W Lachlan and Anderson, Wendy R},
  journal={Forest Ecology and Management},
  volume={280},
  pages={120--131},
  year={2012},
  publisher={Elsevier}
}

@article{plucinski2014predicting,
  title={Predicting the number of daily human-caused bushfires to assist suppression planning in south-west Western Australia},
  author={Plucinski, MP and McCaw, WL and Gould, JS and Wotton, BM},
  journal={International Journal of Wildland Fire},
  volume={23},
  number={4},
  pages={520--531},
  year={2014},
  publisher={CSIRO}
}

@article{collins2015spatial,
  title={Spatial patterns of wildfire ignitions in south-eastern Australia},
  author={Collins, Kathryn M and Price, Owen F and Penman, Trent D},
  journal={International Journal of Wildland Fire},
  volume={24},
  number={8},
  pages={1098--1108},
  year={2015},
  publisher={CSIRO}
}

@article{miller2017electrically,
  title={Electrically caused wildfires in Victoria, Australia are over-represented when fire danger is elevated},
  author={Miller, Claire and Plucinski, Matt and Sullivan, Andrew and Stephenson, Alec and Huston, Carolyn and Charman, Kay and Prakash, Mahesh and Dunstall, Simon},
  journal={Landscape and Urban Planning},
  volume={167},
  pages={267--274},
  year={2017},
  publisher={Elsevier}
}

@article{dowdy2017pyrocumulonimbus,
  title={Pyrocumulonimbus lightning and fire ignition on Black Saturday in southeast Australia},
  author={Dowdy, Andrew J and Fromm, Michael D and McCarthy, Nicholas},
  journal={Journal of Geophysical Research: Atmospheres},
  volume={122},
  number={14},
  pages={7342--7354},
  year={2017},
  publisher={Wiley Online Library}
}

@Manual{R-bomrang,
  author = {Adam H. Sparks and Jonathan Carroll and James Goldie and Dean Marchiori and Paul Melloy and Mark Padgham and Hugh Parsonage and Keith Pembleton},
  title = {{bomrang}: Australian Government Bureau of Meteorology (BOM) Data Client},
  year = {2020},
  note = {R package version 0.7.0},
  url = {https://CRAN.R-project.org/package=bomrang},
}

@misc{jaxa,
author = {{P-Tree System}},
year = {2020},
title = {{JAXA Himawari Monitor - User's Guide}},
url = {https://www.eorc.jaxa.jp/ptree/userguide.html},
urldate = {2020-05-21}
}

@misc{hotspots,
author = {Grant Williamson},
year = {2020},
title = {{Example code to generate animation frames of Himawari-8 hotspots}},
url = {https://gist.github.com/ozjimbob/80254988922140fec4c06e3a43d069a6},
urldate = {2020-05-21}
}

@misc{forest,
author = {{Australian Bureau of Agricultural and Resource Economics and Sciences}},
orginization = {{Australian Bureau of Agricultural and Resource Economics and Sciences}},
year = {2018},
title = {{Forests of Australia}},
url = {https://www.agriculture.gov.au/abares/forestsaustralia/forest-data-maps-and-tools/spatial-data/forest-cover},
urldate = {2020-05-21}
}

@misc{fireorigin,
author = {{Department of Environment, Land, Water \& Planning}},
year = {2019},
title = {{Fire Origins - Current and Historical}},
url = {https://discover.data.vic.gov.au/dataset/fire-origins-current-and-historical},
urldate = {2020-05-21}
}

@misc{OpenStreetMap,
   author = {{OpenStreetMap contributors}},
   title = {{Planet dump retrieved from https://planet.osm.org }},
   howpublished = "\url{ https://www.openstreetmap.org }",
   year = {2020},
 }
 
@misc{recreation,
author = {{Department of Environment, Land, Water \& Planning}},
title = {{Recreation Sites}},
year = {{2020}},
url = {https://discover.data.vic.gov.au/dataset/recreation-sites},
urldate = {2020-05-21}
}

@misc{cfa,
author = {{Department of Environment, Land, Water \& Planning}},
title = {{CFA - Fire Station}},
year = {{2020}},
url = {https://discover.data.vic.gov.au/dataset/cfa-fire-station-vmfeat-geomark_point},
urldate = {2020-05-21}
}

@article{zumbrunnen2011weather,
  title={Weather and human impacts on forest fires: 100 years of fire history in two climatic regions of Switzerland},
  author={Zumbrunnen, Thomas and Pezzatti, Gianni B and Men{\'e}ndez, Patricia and Bugmann, Harald and B{\"u}rgi, Matthias and Conedera, Marco},
  journal={Forest Ecology and Management},
  volume={261},
  number={12},
  pages={2188--2199},
  year={2011},
  publisher={Elsevier}
}

@article{zumbrunnen2012human,
  title={Human impacts on fire occurrence: a case study of hundred years of forest fires in a dry alpine valley in Switzerland},
  author={Zumbrunnen, Thomas and Men{\'e}ndez, Patricia and Bugmann, Harald and Conedera, Marco and Gimmi, Urs and B{\"u}rgi, Matthias},
  journal={Regional Environmental Change},
  volume={12},
  number={4},
  pages={935--949},
  year={2012},
  publisher={Springer}
}

@misc{wind,
author = {Tim McVicar},
title = {Near-Surface Wind Speed. v10. CSIRO. Data Collection.},
year = {2011},
url = {https://doi.org/10.25919/5c5106acbcb02}
}

@incollection{kisilevich2009spatio,
  title={Spatio-temporal clustering},
  author={Kisilevich, Slava and Mansmann, Florian and Nanni, Mirco and Rinzivillo, Salvatore},
  booktitle={Data mining and knowledge discovery handbook},
  pages={855--874},
  year={2009},
  publisher={Springer}
}

@inproceedings{ester1996density,
  title={A density-based algorithm for discovering clusters in large spatial databases with noise.},
  author={Ester, Martin and Kriegel, Hans-Peter and Sander, J{\"o}rg and Xu, Xiaowei and others},
  booktitle={Kdd},
  volume={96},
  number={34},
  pages={226--231},
  year={1996}
}

@article{ankerst1999optics,
  title={OPTICS: ordering points to identify the clustering structure},
  author={Ankerst, Mihael and Breunig, Markus M and Kriegel, Hans-Peter and Sander, J{\"o}rg},
  journal={ACM Sigmod record},
  volume={28},
  number={2},
  pages={49--60},
  year={1999},
  publisher={ACM New York, NY, USA}
}

@Manual{R-raster,
    title = {raster: Geographic Data Analysis and Modeling},
    author = {Robert J. Hijmans},
    year = {2020},
    note = {R package version 3.3-13},
    url = {https://CRAN.R-project.org/package=raster},
  }